@INPROCEEDINGS{2024ARCS,
    author = {\textbf{R. Makadia}},
    title = "{Planetary Defense: How we (and I) got here, What we’re doing, and Where we’re going...}",
    booktitle = "{ARCS Foundation Illinois Chapter Annual Holiday Luncheon}",
    year = 2024,
    month = dec,
}
