@INPROCEEDINGS{2023DPS,
    author = {\textbf{R. Makadia} and Steven R Chesley and Davide Farnocchia and Siegfried Eggl},
    title = "{GRSS: An open-source small-body science tool for planetary defense}",
    booktitle = "{55th AAS Division for Planetary Sciences Meeting}",
    year = 2023,
    month = oct,
    url = {https://ui.adsabs.harvard.edu/abs/2023DPS....5540502M},
    adsnote = {Provided by the SAO/NASA Astrophysics Data System}
}

@INPROCEEDINGS{2023ACM,
    author = {\textbf{R. Makadia} and Steven R Chesley and Siegfried Eggl and Damya Souami and Paolo Tanga and Kleomenis Tsiganis},
    title = "{The DART mission: Measurability of the heliocentric changes to the (65803) Didymos system}",
    booktitle = "{14th Asteroids, Comets, Meteors Conference}",
    year = 2023,
    month = jun,
    url = {https://www.hou.usra.edu/meetings/acm2023/pdf/2128.pdf}
}

@INPROCEEDINGS{2023ACM2,
    author = {D. C. Richardson and H. F. Agrusa and B. Barbee and A. F. Cheng and S. R. Chesley and S. Eggl and E. G. Fahnestock and D. P. Hamilton and M. Hirabayashi and S. A. Jacobson and J. R. Lyzhoft and \textbf{R. Makadia} and J. McMahon and A. J. Meyer and S. Naidu and R. Nakano and P. Pravec and S. D. Raducan and D. J. Scheeres and P. Scheirich and S. R. Schwartz},
    title = "{The dynamical state of the Didymos System before and after the DART Impact}",
    booktitle = "{14th Asteroids, Comets, Meteors Conference}",
    year = 2023,
    month = jun,
    url = {https://www.hou.usra.edu/meetings/acm2023/pdf/2040.pdf}
}

@INPROCEEDINGS{2023ACM3,
    author = {R. Nakano and M. Hirabayashi and S.D. Raducan and P. Pravec and P. Scheirich and H.F. Agrusa and A.J. Meyer and D.C. Richardson and M. Jutzi and B. Barbee and \textbf{R. Makadia} and D. Farnocchia},
    title = "{Mutual orbit perturbations due to Dimorphos's deformation after the DART impact}",
    booktitle = "{14th Asteroids, Comets, Meteors Conference}",
    year = 2023,
    month = jun,
    url = {https://www.hou.usra.edu/meetings/acm2023/pdf/2128.pdf}
}

@INPROCEEDINGS{2023DARTITM,
    author = {\textbf{R. Makadia} and Siegfried Eggl},
    title = "{Heliocentric beta ($\beta_\odot$) measurability}",
    booktitle = "{May 2023 DART Investigation Team Meeting}",
    year = 2023,
    month = may
}

@INPROCEEDINGS{2023PDC,
    author = {\textbf{R. Makadia} and Sabina Raducan and Eugene Fahnestock and Steven Chesley and Siegfried Eggl},
    title = "{Measurability of the heliocentric momentum enhancement of the Didymos system from the DART impact}",
    booktitle = "{8th IAA Planetary Defense Conference}",
    year = 2023,
    month = apr
}

@INPROCEEDINGS{2023SFM,
    author = {Daniel Engel and \textbf{R. Makadia} and Zachary Putnam},
    title = "{Assessment of aerogravity assist at Venus using blunt-body vehicles}",
    booktitle = "{33rd AAS/AIAA Space Flight Mechanics Meeting}",
    year = 2023,
    month = jan,
    url = {https://www.researchgate.net/publication/375757595}
}

@INPROCEEDINGS{2022FALLAGU,
    author = {\textbf{R. Makadia} and Sabina Raducan and Eugene Fahnestock and Siegfried Eggl},
    title = "{Post-impact prediction of changes to the heliocentric orbit of the (65803) Didymos system due to the DART mission}",
    booktitle = "{2022 AGU Fall Meeting}",
    year = 2022,
    month = dec,
    url = {https://ui.adsabs.harvard.edu/abs/2022AGUFM.P55F1634M}
}

@INPROCEEDINGS{2022FALLAGU2,
    author = {{Richardson}, Derek C. and {Agrusa}, Harrison F. and {Barbee}, Brent and {Campo Bagatin}, Adriano and {Eggl}, Siegfried and {Ferrari}, Fabio and {Fahnestock}, Eugene and {Gkolias}, Ioannis and {Fuentes-Mu{\~n}oz}, Oscar and {Hirabayashi}, Masatoshi and {Jacobson}, Seth Andrew and {Karatekin}, Ozgur and {Jutzi}, Martin and {Lyzhoft}, Joshua R. and \textbf{R. Makadia} and {McMahon}, Jay and {Meyer}, Alex and {Michel}, Patrick and {Nakano}, Ryota and {Noiset}, Guillaume and {Raducan}, Sabina and {Rambaux}, Nicolas and {Schwartz}, Stephen R. and {Tsiganis}, Kleomenis and {Zhang}, Yun},
    title = "{First Assessment of the Dynamical State of the Didymos Binary Asteroid System Before and After the DART Impact}",
    booktitle = "{2022 AGU Fall Meeting}",
    year = 2022,
    month = dec,
    url = {https://ui.adsabs.harvard.edu/abs/2022AGUFM.P52A..06R},
}

@INPROCEEDINGS{2022DARTITM,
    author = {\textbf{R. Makadia} and Siegfried Eggl},
    title = "{Heliocentric beta ($\beta_\odot$) estimation}",
    booktitle = "{November 2022 DART Investigation Team Meeting}",
    year = 2022,
    month = nov
}

@INPROCEEDINGS{2022AASGNC,
    author = {\textbf{R. Makadia} and Siegfried Eggl and Eugene Fahnestock},
    title = "{The Double Asteroid Redirection Test (DART): Expected changes to the heliocentric orbit of (65803) Didymos}",
    booktitle = "{44th AAS Guidance, Navigation, and Control Conference}",
    year = 2022,
    month = feb,
}

@INPROCEEDINGS{2021DPS,
    author = {\textbf{R. Makadia} and Siegfried Eggl and Eugene Fahnestock},
    title = "{Changes to the heliocentric orbit of (65803) Didymos system due to DART: Simulation and momentum enhancement estimation}",
    booktitle = "{53rd AAS Division for Planetary Sciences Meeting}",
    year = 2021,
    month = oct,
    url = {https://ui.adsabs.harvard.edu/abs/2021DPS....5311308M},
    adsnote = {Provided by the SAO/NASA Astrophysics Data System}
}

@INPROCEEDINGS{2021DARTITM_1,
    author = {\textbf{R. Makadia} and Siegfried Eggl and Eugene Fahnestock},
    title = "{Changing the heliocentric orbit of the Didymos system with DART: Implications for $\beta$ determination}",
    booktitle = "{June 2021 DART Investigation Team Meeting}",
    year = 2021,
    month = jun,
    day = 17
}

@INPROCEEDINGS{2021DARTITM_2,
    author = {\textbf{R. Makadia} and Siegfried Eggl and Eugene Fahnestock and Damya Souami and Davide Farnocchia},
    title = "{Changing the heliocentric orbit of the Didymos system with DART: Implications for $\beta$ determination}",
    booktitle = "{June 2021 DART Investigation Team Meeting}",
    year = 2021,
    month = jun,
    day = 16
}

@INPROCEEDINGS{2021PDC,
    author = {\textbf{R. Makadia} and Siegfried Eggl and Eugene Fahnestock and Steve Chesley and Davide Farnocchia and Nian Tong},
    title = "{Changing the heliocentric orbit of the Didymos system with DART}",
    booktitle = "{7th IAA Planetary Defense Conference}",
    year = 2021,
    month = apr,
    url = {https://ui.adsabs.harvard.edu/abs/2021plde.confE.197M},
    adsnote = {Provided by the SAO/NASA Astrophysics Data System}
}
